@book{lshort,
	author = "Oetiker, Tobias, Hubert Partl, Irene Hyna and Elisabeth Shlegl",
	title = "The Not So Short Introduction to \LaTeXe",
	edition ="Version 4.20",
	year = 2006
	month=may,
	day=31,
url="ftp://tug.ctan.org/pub/tex-archive/info/lshort/english/lshort.pdf"
}
